<?xml version="1.0" encoding="UTF-8"?><collection xmlns="http://www.loc.gov/MARC21/slim"><record><leader>00659nam--2200181-i-4500</leader><controlfield tag="001">000050076</controlfield><controlfield tag="002">20161230</controlfield><controlfield tag="005">20161230201048</controlfield><controlfield tag="008">060222s1000------------r-----000-0-eng-d</controlfield><datafield ind1=" " ind2=" " tag="040"><subfield code="a">IFIN-HH</subfield></datafield><datafield ind1=" " ind2=" " tag="080"><subfield code="a">535.215:061.3:537.311.33</subfield></datafield><datafield ind1="1" ind2=" " tag="100"><subfield code="a">Pell,Erikm</subfield></datafield><datafield ind1="1" ind2="0" tag="245"><subfield code="a">Proceedings of the third international conference on photoconductivity stanford, august 12-15,1969</subfield><subfield code="b">Sponsors international union of pure and applied physics, american physical society, office of naval research</subfield><subfield code="c">Rerik m. pell (ed.)</subfield></datafield><datafield ind1=" " ind2=" " tag="260"><subfield code="a">Oxford</subfield><subfield code="b">Pergamon Press</subfield><subfield code="c">1971</subfield></datafield><datafield ind1=" " ind2=" " tag="300"><subfield code="a">VIII+406P</subfield></datafield><datafield ind1=" " ind2=" " tag="490"><subfield code="a">Proceedings</subfield></datafield><datafield ind1=" " ind2=" " tag="852"><subfield code="a">37642</subfield><subfield code="c">537.311.33</subfield></datafield><datafield ind1=" " ind2=" " tag="CAT"><subfield code="a">Sys</subfield><subfield code="c">20110721</subfield><subfield code="h">151010</subfield></datafield></record></collection>